@book{book1,
  language = { russian },
  title = { Элементы выпуклого и сильно выпуклого анализа },
  author = { Е.С. Половинкин and М.В. Балашов },
  publisher = { Физматлит },
  year = { 2004 },
  numpages = { 416 },
  isbn = { 5-9221-0499-3 },
  address = { М. }
}

@book{book2,
  language = { russian },
  title = { Вычислительная геометрия: Введение },
  author = { Ф. Прапарата and М. Шеймос },
  publisher = { Мир },
  year = { 1989 },
  numpages = { 478 },
  address = { М. }
}

@book{book3,
  language = { russian },
  title = { Алгоритмы: построение и анализ },
  author = { Кормен and Х. Томас and Лейзерсон and И. Чарльз and Ривест and Л.
    Рональд and Штайн and Клиффорд },
  publisher = { Вильямс },
  year = { 2005 },
  isbn = { 5-8459-0857-4 },
  address = { М. }
}

@book{book4,
  language = { russian },
  title = { Вычислительная геометрия и компьютерная графика на \verb'C++' },
  author = { Ласло М. },
  publisher = { БИНОМ },
  year = { 1997 },
  numpages = { 304 },
  address = { М. }
}

@book{book5,
  language = { russian },
  title = { Алгоритмы: введение в разработку и анализ },
  author = { Ананий В. Левитин },
  publisher = { Вильямс },
  year = { 2006 },
  isbn = { 0-201-74395-7 },
  numpages = { 157 },
  address = { М. }
}
