@misc{wtfispg,
  title = { Что такое PostgreSQL? },
  author = { Олег Бартунов },
  year = { 2005 },
  language = { russian },
  howpublished = { \url{http://www.sai.msu.su/~megera/postgres/talks/what_is_postgresql.html} }
}
@misc{ofdoc,
  title = { PostgreSQL 9.2.1 Documentation },
  howpublished = { \url{http://www.postgresql.org/docs/current/} },
  year = { 2012 },
  note = { [Online, accessed 02-October-2012] },
  language = { english }
}

@misc{ruwiki,
  title = { {PostgreSQL} },
  howpublished = { \url{http://ru.wikipedia.org/wiki/PostgreSQL} },
  year = {2012},
  note = { [Online; accessed 01-October-2012] },
  language = { russian }
}

@misc{enwiki,
  title = { {PostgreSQL} },
  howpublished = { \url{http://en.wikipedia.org/wiki/PostgreSQL} },
  year = {2012},
  note = { [Online; accessed 01-October-2012] },
  language = { english }
}

@book{prpsql,
  title = { Practical PostgreSQL },
  author = { John C. Worsley and Joshua D. Drake },
  publisher = { O'Reilly Media },
  year = { January 2002 },
  isbn = { 1-56592-846-6 },
  numpages = { 636 },
  language = { english }
}

@book{upandrunning,
  title = { PostgreSQL : Up and Running },
  author = { Regina Obe and Leo Hsu },
  year = { July 8, 2012 },
  isbn = { 1-4493-2633-1 },
  language = { english },
  publisher = { O'Reilly }
}

@book{cookbook,
  title = { PostgreSQL 9 Administration Cookbook },
  author = { Simon Riggs and Hannu Krosing },
  year = { October 27, 2010 },
  publisher = { Packt Publishing },
  isbn = { 1-84951-028-8 },
  language = { english }
}

@book{highperf,
  title = { PostgreSQL 9 High Performance },
  author = { Greg Smith },
  year = { October 15, 2010 },
  publisher = { Packt Publishing },
  isbn = { 1-84951-030-X },
  language = { english }
}
