@misc{dsanpin,
    title = {Державні санітарні правила і норми. ДСанПіН 3.3.2--007--98.
      <<Гігієнічні вимоги до організації роботи з візуальними дісплейними
        терміналами електронно-обчислювальних машин >> },
    year = { 10 грудня 1998 р. },
    language = { ukrainian }
}

@misc{gost121005,
    title = {ГОСТ 12.1.005-88. <<Система стандартов безопасности труда. Общие
      санитарно-гигиенические требования к воздуху рабочей зоны>> },
    year = { 01 січня 1989 р. },
    language = { russian }
}

@misc{about-work-safety,
    title = { Закон України <<Про охорону праці>> },
    year = { від 02 червня 2011 р. },
    language = { ukrainian }
}

@misc{dsn,
    title = { ДСН 3.3.6.037-99. <<Державні санітарні норми виробничого шуму,
      ультразвуку та інфразвуку>> },
    author = { МОЗ~України },
    year = {2000},
    language = {ukrainian},
    numpages = { 29 }
}

@misc{dbn,
    title = { ДБН. Збірник 28. <<Природне та штучне освітлення>> },
    year = {2006},
    language = {ukrainian}
}

@misc{napb,
    title = { НАПБ А.01.001-2004. Правила пожежної безпеки в Україні },
    year = {2004},
    language = {ukrainian}
}
