@misc{deconvolve-index,
  title = {Deconvolve .Net},
  author = {Dr Paul J. Tadrous},
  year = {2010},
  howpublished = { \url{ http://www.deconvolve.net/index.html } },
  language = {english}
}

@book{richardson-hadley,
  title = {Bayesian-Based Iterative Method of Image Restoration},
  author = {Richardson, William Hadley},
  year = {1972},
  language = {english}
}

@book{book2,
  title = {Maximum likelihood from incomplete data via the EM algorithm},
  author = { A.P. Dempster, N.M. Laird, D.B. Rubin},
  year = {1977},
  publisher = { J. Royal Stat. Soc. Ser. B, 39 },
  language = {english}
}
